=LDR  02663cas a22006617  4500
=001  019672925
=003  Uk
=005  20230103140307.0
=008  040409d20202022gw\wx\m\\\\\\\0\\\a0mul\\
=FMT  \\$a  SE
=022  0\$a0302-9743
=040  \\$aUk$cUk$dUk
=041  0\$aeng$ager$afre
=082  04$a004$221
=245  00$aLecture notes in computer science. (2020)-(2022) [LSR].
=246  3\$aLecture notes in artificial intelligence
=246  2\$aLNCS LNAI
=246  2\$aLecture notes in bioinformatics
=260  \\$aBerlin, :$bSpringer.
=300  \\$av. ;$c24 cm.
=310  \\$aIrregular
=336  \\$atext$2rdacontent
=337  \\$aunmediated$2rdamedia
=338  \\$avolume$2rdacarrier
=500  \\$aBeginning with no. 345, issues devoted to artificial intelligence have special cover with title: Lecture notes in artificial intelligence.
=546  \\$aIn English, German, or French.
=595  \\$aABSORBS 6842.635000, 6842.530000 AND 0772.323000 SEE ALSO CONF INDEX.
=540  \\$aCurrent copyright fee: GBP19.00$c42\0$5Uk
=650  \0$aComputers$vPeriodicals.
=650  \0$aComputer science$vPeriodicals.
=650  \0$aArtificial intelligence$vPeriodicals.
=780  05$tAdvances in computer games
=859  \\$aXLD$bdatasets
=856  \\$31850-9999$uhttp://www.springer.com/gb/$xBLDSS
=852  71$aBritish Library$bSTI$k(TP)$hPL 50$m-E(30)$2blsrissc$3Accompanying CD-ROM
=852  49$aBritish Library$bDSC$j5180.185000$32020-2022
=852  71$aBritish Library$bSTI$k(P)$hPL 50$m-E(30)$2blsrissc$32020-2022
=945  \\$aLECTURE NOTES IN COMPUTER SCIENCE.
=963  \\$a1, 1973- *A=1$bY$c348:01.C.49
=985  \\$aDQ DO NOT MERGE - LARGE SERIAL
=985  \\$aUpgraded by BSS-generated file for WR2011-1473
=CAT  \\$a10932$b40$c20200114$lBLL01$h0909
=CAT  \\$aW2011-1473$b00$c20201124$lBLL01$h1906
=CAT  \\$a10932$b40$c20221229$lBLL01$h1031
=CAT  \\$a7764$b40$c20230103$lBLL01$h1058
=CAT  \\$a8411$b40$c20230103$lBLL01$h1403
=CFI  0\$aCurrent copyright fee: GBP19.00$c42\0$e01-jul-2018$fGBP19.00$g0$hP$5Uk
=CFI  2\$aPrevious copyright fee: GBP21.39$c42\0$e01-apr-2018$fGBP21.39$g0$hP$5Uk
=EXP  \\$aX
=FFP  \\$aY$bBLDSS-3PM
=FFP  \\$aY$bDATASETS
=LKR  \\$aPAR$b018300524$lBLL01$r78000$nLecture notes in computer science. (2017)-(2019) [LSR]$mLecture notes in computer science. (2020)-(2022) [LSR]
=LKR  \\$aPAR$b009187604$lBLL01$r78005$mLecture notes in computer science. (2020)- [LSR]$nAdvances in computer games.
=MIS  \\$aSO
=STA  \\$aSUPPRESSED$bLarge Serial Record
=TOC  \\$aETOC
=UNO  \\$aY
=LAS  \\$a8411$b40$c20230103$lBLL01$h1403

